<record><leader>00000cas a22000007a 4500</leader><controlfield tag="001">15004566</controlfield><controlfield tag="008">861223d19011935msuwr ne      0    0eng d</controlfield><datafield ind1=" " ind2=" " tag="010"><subfield code="a">sn 87065023 </subfield></datafield><datafield ind1=" " ind2=" " tag="040"><subfield code="a">MJA</subfield><subfield code="b">eng</subfield><subfield code="c">MJA</subfield><subfield code="d">MSJ</subfield><subfield code="d">NSD</subfield><subfield code="d">OCLCQ</subfield></datafield><datafield ind1=" " ind2=" " tag="042"><subfield code="a">msc</subfield></datafield><datafield ind1="0" ind2="4" tag="245"><subfield code="a">The Columbian.</subfield></datafield><datafield ind1=" " ind2=" " tag="260"><subfield code="a">Columbia, Miss. :</subfield><subfield code="b">W.C. Callender,</subfield><subfield code="c">-1935.</subfield></datafield><datafield ind1=" " ind2=" " tag="300"><subfield code="a">v.</subfield></datafield><datafield ind1=" " ind2=" " tag="310"><subfield code="a">Weekly</subfield></datafield><datafield ind1=" " ind2=" " tag="321"><subfield code="a">Semiweekly</subfield></datafield><datafield ind1="1" ind2=" " tag="362"><subfield code="a">Began in 1901.</subfield></datafield><datafield ind1="0" ind2=" " tag="362"><subfield code="a">-v. 34, no. 38 (Sept. 26, 1935).</subfield></datafield><datafield ind1=" " ind2=" " tag="588"><subfield code="a">Description based on: Vol. 34, no. 24 (Aug. 29, 1935).</subfield></datafield><datafield ind1=" " ind2=" " tag="752"><subfield code="a">United States</subfield><subfield code="b">Mississippi</subfield><subfield code="c">Marion</subfield><subfield code="d">Columbia.</subfield></datafield><datafield ind1="0" ind2="7" tag="785"><subfield code="t">Marion County progress</subfield><subfield code="w">(DLC)sn 87065025</subfield></datafield><datafield ind1="0" ind2="7" tag="785"><subfield code="t">Columbian-progress</subfield><subfield code="x">1044-9922</subfield><subfield code="w">(DLC)sn 87065024</subfield></datafield></record>